@inproceedings{lecun1990handwritten,
  title={Handwritten digit recognition with a back-propagation network},
  author={LeCun, Yann and Boser, Bernhard E and Denker, John S and Henderson, Donnie and Howard, Richard E and Hubbard, Wayne E and Jackel, Lawrence D},
  booktitle={Advances in neural information processing systems},
  pages={396--404},
  year={1990}
}

@article{vinciarelli2009social,
  title={Social signal processing: Survey of an emerging domain},
  author={Vinciarelli, Alessandro and Pantic, Maja and Bourlard, Herv{\'e}},
  journal={Image and vision computing},
  volume={27},
  number={12},
  pages={1743--1759},
  year={2009},
  publisher={Elsevier}
}

@article{vural2008automated,
  title={Automated drowsiness detection for improved driving safety},
  author={Vural, Esra and {\c{C}}etin, M{\"u}jdat and Er{\c{c}}il, Ayt{\"u}l and Littlewort, Gwen and Bartlett, Marian and Movellan, Javier},
  year={2008},
  publisher={Ford Otosan}
}

@inproceedings{lucey2009automatically,
  title={Automatically detecting pain using facial actions},
  author={Lucey, Patrick and Cohn, Jeffrey and Lucey, Simon and Matthews, Iain and Sridharan, Sridha and Prkachin, Kenneth M},
  booktitle={Affective Computing and Intelligent Interaction and Workshops, 2009. ACII 2009. 3rd International Conference on},
  pages={1--8},
  year={2009},
  organization={IEEE}
}

@article{ekman1971constants,
  title={Constants across cultures in the face and emotion.},
  author={Ekman, Paul and Friesen, Wallace V},
  journal={Journal of personality and social psychology},
  volume={17},
  number={2},
  pages={124},
  year={1971},
  publisher={American Psychological Association}
}

@book{ekman1978facial,
  title={Facial Action Coding System: Investigatoris Guide},
  author={Ekman, Paul and Friesen, Wallace V},
  year={1978},
  publisher={Consulting Psychologists Press}
}

@article{simonyan2014very,
  title={Very deep convolutional networks for large-scale image recognition},
  author={Simonyan, Karen and Zisserman, Andrew},
  journal={arXiv preprint arXiv:1409.1556},
  year={2014}
}

@inproceedings{he2016deep,
  title={Deep residual learning for image recognition},
  author={He, Kaiming and Zhang, Xiangyu and Ren, Shaoqing and Sun, Jian},
  booktitle={Proceedings of the IEEE conference on computer vision and pattern recognition},
  pages={770--778},
  year={2016}
}

@inproceedings{deng2009imagenet,
  title={Imagenet: A large-scale hierarchical image database},
  author={Deng, Jia and Dong, Wei and Socher, Richard and Li, Li-Jia and Li, Kai and Fei-Fei, Li},
  booktitle={Computer Vision and Pattern Recognition, 2009. CVPR 2009. IEEE Conference on},
  pages={248--255},
  year={2009},
  organization={IEEE}
}

@inproceedings{parkhi2015deep,
  title={Deep Face Recognition.},
  author={Parkhi, Omkar M and Vedaldi, Andrea and Zisserman, Andrew and others},
  booktitle={BMVC},
  volume={1},
  number={3},
  pages={6},
  year={2015}
}

@inproceedings{jegou2010aggregating,
  title={Aggregating local descriptors into a compact image representation},
  author={J{\'e}gou, Herv{\'e} and Douze, Matthijs and Schmid, Cordelia and P{\'e}rez, Patrick},
  booktitle={Computer Vision and Pattern Recognition (CVPR), 2010 IEEE Conference on},
  pages={3304--3311},
  year={2010},
  organization={IEEE}
}

@inproceedings{berretti2010set,
  title={A set of selected SIFT features for 3D facial expression recognition},
  author={Berretti, Stefano and Del Bimbo, Alberto and Pala, Pietro and Amor, Boulbaba Ben and Daoudi, Mohamed},
  booktitle={Pattern Recognition (ICPR), 2010 20th International Conference on},
  pages={4125--4128},
  year={2010},
  organization={IEEE}
}

@article{zhang1999feature,
  title={Feature-based facial expression recognition: Sensitivity analysis and experiments with a multilayer perceptron},
  author={Zhang, Zhengyou},
  journal={International journal of pattern recognition and Artificial Intelligence},
  volume={13},
  number={06},
  pages={893--911},
  year={1999},
  publisher={World Scientific}
}

@article{deniz2011face,
  title={Face recognition using histograms of oriented gradients},
  author={D{\'e}niz, Oscar and Bueno, Gloria and Salido, Jes{\'u}s and De la Torre, Fernando},
  journal={Pattern Recognition Letters},
  volume={32},
  number={12},
  pages={1598--1603},
  year={2011},
  publisher={Elsevier}
}

@article{shan2009facial,
  title={Facial expression recognition based on local binary patterns: A comprehensive study},
  author={Shan, Caifeng and Gong, Shaogang and McOwan, Peter W},
  journal={Image and Vision Computing},
  volume={27},
  number={6},
  pages={803--816},
  year={2009},
  publisher={Elsevier}
}

@article{zhao2007dynamic,
  title={Dynamic texture recognition using local binary patterns with an application to facial expressions},
  author={Zhao, Guoying and Pietikainen, Matti},
  journal={IEEE transactions on pattern analysis and machine intelligence},
  volume={29},
  number={6},
  pages={915--928},
  year={2007},
  publisher={IEEE}
}

@inproceedings{wang2012facial,
  title={Facial expression recognition based on local phase quantization and sparse representation},
  author={Wang, Zhen and Ying, Zilu},
  booktitle={Natural Computation (ICNC), 2012 Eighth International Conference on},
  pages={222--225},
  year={2012},
  organization={IEEE}
}

@article{tian2001recognizing,
  title={Recognizing action units for facial expression analysis},
  author={Tian, Y-I and Kanade, Takeo and Cohn, Jeffrey F},
  journal={IEEE Transactions on pattern analysis and machine intelligence},
  volume={23},
  number={2},
  pages={97--115},
  year={2001},
  publisher={IEEE}
}

@inproceedings{krizhevsky2012imagenet,
  title={Imagenet classification with deep convolutional neural networks},
  author={Krizhevsky, Alex and Sutskever, Ilya and Hinton, Geoffrey E},
  booktitle={Advances in neural information processing systems},
  pages={1097--1105},
  year={2012}
}

@inproceedings{szegedy2015going,
  title={Going deeper with convolutions},
  author={Szegedy, Christian and Liu, Wei and Jia, Yangqing and Sermanet, Pierre and Reed, Scott and Anguelov, Dragomir and Erhan, Dumitru and Vanhoucke, Vincent and Rabinovich, Andrew and others},
  year={2015},
  organization={Cvpr}
}

@inproceedings{dhall2014emotion,
  title={Emotion recognition in the wild challenge 2014: Baseline, data and protocol},
  author={Dhall, Abhinav and Goecke, Roland and Joshi, Jyoti and Sikka, Karan and Gedeon, Tom},
  booktitle={Proceedings of the 16th International Conference on Multimodal Interaction},
  pages={461--466},
  year={2014},
  organization={ACM}
}

@inproceedings{yu2015image,
  title={Image based static facial expression recognition with multiple deep network learning},
  author={Yu, Zhiding and Zhang, Cha},
  booktitle={Proceedings of the 2015 ACM on International Conference on Multimodal Interaction},
  pages={435--442},
  year={2015},
  organization={ACM}
}

@article{zeiler2013stochastic,
  title={Stochastic pooling for regularization of deep convolutional neural networks},
  author={Zeiler, Matthew D and Fergus, Rob},
  journal={arXiv preprint arXiv:1301.3557},
  year={2013}
}

@inproceedings{barsoum2016training,
  title={Training deep networks for facial expression recognition with crowd-sourced label distribution},
  author={Barsoum, Emad and Zhang, Cha and Ferrer, Cristian Canton and Zhang, Zhengyou},
  booktitle={Proceedings of the 18th ACM International Conference on Multimodal Interaction},
  pages={279--283},
  year={2016},
  organization={ACM}
}

@article{tang2013challenges,
  title={Challenges in Representation Learning: Facial Expression Recognition Challenge Implementation},
  author={Tang, Y},
  journal={University of Toronto},
  year={2013}
}

@inproceedings{rothe2015dex,
  title={Dex: Deep expectation of apparent age from a single image},
  author={Rothe, Rasmus and Timofte, Radu and Van Gool, Luc},
  booktitle={Proceedings of the IEEE International Conference on Computer Vision Workshops},
  pages={10--15},
  year={2015}
}

@article{hornik1989multilayer,
  title={Multilayer feedforward networks are universal approximators},
  author={Hornik, Kurt and Stinchcombe, Maxwell and White, Halbert},
  journal={Neural networks},
  volume={2},
  number={5},
  pages={359--366},
  year={1989},
  publisher={Elsevier}
}

@inproceedings{he2016identity,
  title={Identity mappings in deep residual networks},
  author={He, Kaiming and Zhang, Xiangyu and Ren, Shaoqing and Sun, Jian},
  booktitle={European Conference on Computer Vision},
  pages={630--645},
  year={2016},
  organization={Springer}
}

@inproceedings{huang2017densely,
  title={Densely connected convolutional networks},
  author={Huang, Gao and Liu, Zhuang and Weinberger, Kilian Q and van der Maaten, Laurens},
  booktitle={Proceedings of the IEEE conference on computer vision and pattern recognition},
  volume={1},
  number={2},
  pages={3},
  year={2017}
}

@article{krizhevsky2009learning,
  title={Learning multiple layers of features from tiny images},
  author={Krizhevsky, Alex and Hinton, Geoffrey},
  year={2009},
  publisher={Citeseer}
}

@inproceedings{netzer2011reading,
  title={Reading digits in natural images with unsupervised feature learning},
  author={Netzer, Yuval and Wang, Tao and Coates, Adam and Bissacco, Alessandro and Wu, Bo and Ng, Andrew Y},
  booktitle={NIPS workshop on deep learning and unsupervised feature learning},
  volume={2011},
  number={2},
  pages={5},
  year={2011}
}

@article{zagoruyko2016wide,
  title={Wide residual networks},
  author={Zagoruyko, Sergey and Komodakis, Nikos},
  journal={arXiv preprint arXiv:1605.07146},
  year={2016}
}

@article{srivastava2014dropout,
  title={Dropout: A simple way to prevent neural networks from overfitting},
  author={Srivastava, Nitish and Hinton, Geoffrey and Krizhevsky, Alex and Sutskever, Ilya and Salakhutdinov, Ruslan},
  journal={The Journal of Machine Learning Research},
  volume={15},
  number={1},
  pages={1929--1958},
  year={2014},
  publisher={JMLR. org}
}

@inproceedings{ioffe2015batch,
  title={Batch normalization: Accelerating deep network training by reducing internal covariate shift},
  author={Ioffe, Sergey and Szegedy, Christian},
  booktitle={International conference on machine learning},
  pages={448--456},
  year={2015}
}

@inproceedings{nair2010rectified,
  title={Rectified linear units improve restricted boltzmann machines},
  author={Nair, Vinod and Hinton, Geoffrey E},
  booktitle={Proceedings of the 27th international conference on machine learning (ICML-10)},
  pages={807--814},
  year={2010}
}

@inproceedings{donahue2014decaf,
  title={Decaf: A deep convolutional activation feature for generic visual recognition},
  author={Donahue, Jeff and Jia, Yangqing and Vinyals, Oriol and Hoffman, Judy and Zhang, Ning and Tzeng, Eric and Darrell, Trevor},
  booktitle={International conference on machine learning},
  pages={647--655},
  year={2014}
}

@inproceedings{razavian2014cnn,
  title={CNN features off-the-shelf: an astounding baseline for recognition},
  author={Razavian, Ali Sharif and Azizpour, Hossein and Sullivan, Josephine and Carlsson, Stefan},
  booktitle={Computer Vision and Pattern Recognition Workshops (CVPRW), 2014 IEEE Conference on},
  pages={512--519},
  year={2014},
  organization={IEEE}
}

@article{sermanet2013overfeat,
  title={Overfeat: Integrated recognition, localization and detection using convolutional networks},
  author={Sermanet, Pierre and Eigen, David and Zhang, Xiang and Mathieu, Micha{\"e}l and Fergus, Rob and LeCun, Yann},
  journal={arXiv preprint arXiv:1312.6229},
  year={2013}
}

@inproceedings{yosinski2014transferable,
  title={How transferable are features in deep neural networks?},
  author={Yosinski, Jason and Clune, Jeff and Bengio, Yoshua and Lipson, Hod},
  booktitle={Advances in neural information processing systems},
  pages={3320--3328},
  year={2014}
}

@article{azizpour2016factors,
  title={Factors of transferability for a generic convnet representation},
  author={Azizpour, Hossein and Razavian, Ali Sharif and Sullivan, Josephine and Maki, Atsuto and Carlsson, Stefan},
  journal={IEEE transactions on pattern analysis and machine intelligence},
  volume={38},
  number={9},
  pages={1790--1802},
  year={2016},
  publisher={IEEE}
}

@inproceedings{deng2013new,
  title={New types of deep neural network learning for speech recognition and related applications: An overview},
  author={Deng, Li and Hinton, Geoffrey and Kingsbury, Brian},
  booktitle={Acoustics, Speech and Signal Processing (ICASSP), 2013 IEEE International Conference on},
  pages={8599--8603},
  year={2013},
  organization={IEEE}
}

@article{girshick2015fast,
  title={Fast r-cnn},
  author={Girshick, Ross},
  journal={arXiv preprint arXiv:1504.08083},
  year={2015}
}

@inproceedings{collobert2008unified,
  title={A unified architecture for natural language processing: Deep neural networks with multitask learning},
  author={Collobert, Ronan and Weston, Jason},
  booktitle={Proceedings of the 25th international conference on Machine learning},
  pages={160--167},
  year={2008},
  organization={ACM}
}

@article{ramsundar2015massively,
  title={Massively multitask networks for drug discovery},
  author={Ramsundar, Bharath and Kearnes, Steven and Riley, Patrick and Webster, Dale and Konerding, David and Pande, Vijay},
  journal={arXiv preprint arXiv:1502.02072},
  year={2015}
}

@inproceedings{caruanamultitask,
  title={Multitask learning: A knowledge-based source of inductive bias1},
  author={Caruana, R},
  booktitle={Proceedings of the Tenth International Conference on Machine Learning},
  pages={41--48},
  organization={Citeseer}
}

@inproceedings{duong2015low,
  title={Low resource dependency parsing: Cross-lingual parameter sharing in a neural network parser},
  author={Duong, Long and Cohn, Trevor and Bird, Steven and Cook, Paul},
  booktitle={Proceedings of the 53rd Annual Meeting of the Association for Computational Linguistics and the 7th International Joint Conference on Natural Language Processing (Volume 2: Short Papers)},
  volume={2},
  pages={845--850},
  year={2015}
}

@article{banziger2010introducing,
  title={Introducing the geneva multimodal emotion portrayal (gemep) corpus},
  author={B{\"a}nziger, Tanja and Scherer, Klaus R},
  journal={Blueprint for affective computing: A sourcebook},
  pages={271--294},
  year={2010},
  publisher={Oxford University Press Oxford, UK}
}

@inproceedings{valstar2011first,
  title={The first facial expression recognition and analysis challenge},
  author={Valstar, Michel F and Jiang, Bihan and Mehu, Marc and Pantic, Maja and Scherer, Klaus},
  booktitle={Automatic Face \& Gesture Recognition and Workshops (FG 2011), 2011 IEEE International Conference on},
  pages={921--926},
  year={2011},
  organization={IEEE}
}

@inproceedings{lyons1998coding,
  title={Coding facial expressions with gabor wavelets},
  author={Lyons, Michael and Akamatsu, Shigeru and Kamachi, Miyuki and Gyoba, Jiro},
  booktitle={Automatic Face and Gesture Recognition, 1998. Proceedings. Third IEEE International Conference on},
  pages={200--205},
  year={1998},
  organization={IEEE}
}

@inproceedings{jegou2010aggregating,
  title={Aggregating local descriptors into a compact image representation},
  author={J{\'e}gou, Herv{\'e} and Douze, Matthijs and Schmid, Cordelia and P{\'e}rez, Patrick},
  booktitle={Computer Vision and Pattern Recognition (CVPR), 2010 IEEE Conference on},
  pages={3304--3311},
  year={2010},
  organization={IEEE}
}

@InProceedings{Parkhi15,
  author       = "Parkhi, O. M. and Vedaldi, A. and Zisserman, A.",
  title        = "Deep Face Recognition",
  booktitle    = "British Machine Vision Conference",
  year         = "2015",
}

@inproceedings{mollahosseini2016going,
  title={Going deeper in facial expression recognition using deep neural networks},
  author={Mollahosseini, Ali and Chan, David and Mahoor, Mohammad H},
  booktitle={Applications of Computer Vision (WACV), 2016 IEEE Winter Conference on},
  pages={1--10},
  year={2016},
  organization={IEEE}
}

@article{kingma2014adam,
  title={Adam: A method for stochastic optimization},
  author={Kingma, Diederik P and Ba, Jimmy},
  journal={arXiv preprint arXiv:1412.6980},
  year={2014}
}

@inproceedings{baltruvsaitis2016openface,
  title={Openface: an open source facial behavior analysis toolkit},
  author={Baltru{\v{s}}aitis, Tadas and Robinson, Peter and Morency, Louis-Philippe},
  booktitle={Applications of Computer Vision (WACV), 2016 IEEE Winter Conference on},
  pages={1--10},
  year={2016},
  organization={IEEE}
}
